@article{rushby1981,
	author = {Rushby, J. M.},
	title = "{Design and Verification of Secure Systems}",
	journal = {SIGOPS Oper. Syst. Rev.},
	issue_date = {December 1981},
	volume = {15},
	number = {5},
	month = dec,
	year = {1981},
	issn = {0163-5980},
	pages = {12--21},
	numpages = {10},
	url = {http://doi.acm.org/10.1145/1067627.806586},
	doi = {10.1145/1067627.806586},
	acmid = {806586},
	publisher = {ACM},
	address = {New York, NY, USA},
}
